@article{oshio2013division,
  title={Division of household labor and marital satisfaction in China, Japan, and Korea},
  author={Oshio, Takashi and Nozaki, Kayo and Kobayashi, Miki},
  journal={Journal of Family and Economic Issues},
  volume={34},
  number={2},
  pages={211--223},
  year={2013},
  publisher={Springer}
}
@article{zhang2020work,
  title={A work-life conflict perspective on telework},
  author={Zhang, Shihang and Moeckel, Rolf and Moreno, Ana Tsui and Shuai, Bin and Gao, Jie},
  journal={Transportation Research Part A: Policy and Practice},
  volume={141},
  pages={51--68},
  year={2020},
  publisher={Elsevier}
}
@article{blom2017couples,
  title={Couples' division of employment and household chores and relationship satisfaction: A test of the specialization and equity hypotheses},
  author={Blom, Niels and Kraaykamp, Gerbert and Verbakel, Ellen},
  journal={European Sociological Review},
  volume={33},
  number={2},
  pages={195--208},
  year={2017},
  publisher={Oxford University Press}
}
@article{erchull2010well,
  title={Well. she wants it more: Perceptions of social norms about desires for marriage and children and anticipated chore participation},
  author={Erchull, Mindy J and Liss, Miriam and Axelson, Sarah J and Staebell, Samantha E and Askari, Sabrina F},
  journal={Psychology of Women Quarterly},
  volume={34},
  number={2},
  pages={253--260},
  year={2010},
  publisher={SAGE Publications Sage CA: Los Angeles, CA}
}