@article{norton1983measuring,
  title={Measuring marital quality: A critical look at the dependent variable},
  author={Norton, Robert},
  journal={Journal of Marriage and the Family},
  pages={141--151},
  year={1983},
  publisher={JSTOR}
}
@article{kerr1996development,
  title={Development of the gender role beliefs scale (GRBS)},
  author={Kerr, Paula S and Holden, Ronald R},
  journal={Journal of Social Behavior and Personality},
  volume={11},
  number={5},
  pages={3},
  year={1996},
  publisher={Select Press}
}