@article{hu2018fairness,
  title={What fairness? Gendered division of housework and family life satisfaction across 30 countries},
  author={Hu, Yang and Yucel, Deniz},
  journal={European Sociological Review},
  volume={34},
  number={1},
  pages={92--105},
  year={2018},
  publisher={Oxford University Press}
}