@article{west2009superordinate,
  title={Superordinate identity and intergroup roommate friendship development},
  author={West, Tessa V and Pearson, Adam R and Dovidio, John F and Shelton, J Nicole and Trail, Thomas E},
  journal={Journal of Experimental Social Psychology},
  volume={45},
  number={6},
  pages={1266--1272},
  year={2009},
  publisher={Elsevier}
}
@article{radcliffe2015flexible,
  title={Flexible working, work--family conflict, and maternal gatekeeping: The daily experiences of dual-earner couples},
  author={Radcliffe, Laura S and Cassell, Catherine},
  journal={Journal of Occupational and Organizational Psychology},
  volume={88},
  number={4},
  pages={835--855},
  year={2015},
  publisher={Wiley Online Library}
}